@electronic{PyCppSpeedBenchmarks,
title = "{Python 3 programs versus C++ g++}",
url = "https://benchmarksgame.alioth.debian.org/u64q/compare.php?lang=python3&lang2=gpp",
note = {{(Accessed on 16-November-2017)}}
}

@electronic{ScikitLearnDeepLearning,
title = "{Can I use scikit-learn for deep learning?}",
url = "https://www.quora.com/Can-I-use-Scikit-learns-for-deep-learning",
author = "Sebastian Raschka",
month = Feb,
day = "20",
year = "2016",
note = {{(Accessed on 16-November-2017)}}
}

@electronic{TensorflowOrg,
title = "{Tensorflow}",
url = "http://tensorflow.org",
note = {{(Accessed on 16-November-2017)}}
}

@electronic{ScikitLearnOrg,
title = "{scikit-learn}",
url = "http://scikit-learn.org/stable/",
note = {{(Accessed on 16-November-2017)}}
}

@electronic{DialogflowPricing,
title = "{Dialogflow Editions}",
url = "https://cloud.google.com/dialogflow-enterprise/docs/editions",
month = Nov,
day = "16",
year = "2017",
note = {{(Accessed on 16-November-2017)}}
}

@electronic{WitFAQ,
title = "{Wit.ai: Frequently Asked Questions}",
url = "https://wit.ai/faq",
note = {{(Accessed on 16-November-2017)}}
}

@electronic{NLPComparisons,
author = "Abraham King",
title = "{Understanding the Differences Between Alexa, API.ai, WIT.ai, and LUIS/Cortana}",
url = "https://medium.com/@abraham.kang/understanding-the-differences-between-alexa-api-ai-wit-ai-and-luis-cortana-2404ece0977c",
month = Apr,
year = "2017",
day = "24",
note = {{(Accessed on 16-November-2017)}}
}

@electronic{AutodeskCreateScript,
title = "{Creating a Script or Add-In}",
url = "http://help.autodesk.com/view/fusion360/ENU/?guid=GUID-9701BBA7-EC0E-4016-A9C8-964AA4838954",
note = {{(Accessed on 16-November-2017)}}
}

@electronic{MLLang,
author = "Jason Brownlee",
title = "{Best Programming Language for Machine Learning}",
url = "https://machinelearningmastery.com/best-programming-language-for-machine-learning/",
month = May,
year = "2014",
day = "10",
note = {{(Accessed on 16-November-2017)}}
}
