@misc{siri,
    author = "Wikipedia",
    title = "Siri --- Wikipedia{,} The Free Encyclopedia",
    year = "2017",
    url = "\url{https://en.wikipedia.org/w/index.php?title=Siri&oldid=804282327}",
    note = "[Online; accessed 
10-October-2017
]"
  }

@misc{wii,
	author = "Wikipedia",
	title = "Wii --- Wikipedia{,} The Free Encyclopedia",
	year = "2017",
	url = "\url{https://en.wikipedia.org/w/index.php?title=Wii&oldid=804532343}",
	note = "[Online; accessed 
	10-October-2017
	]"
}

@misc{kinect,
	author = "Wikipedia",
	title = "Kinect --- Wikipedia{,} The Free Encyclopedia",
	year = "2017",
	url = "\url{https://en.wikipedia.org/w/index.php?title=Kinect&oldid=799777557}",
	note = "[Online; accessed 
	10-October-2017
	]"
}