@IEEEtranBSTCTL{IEEEexample:BSTcontrol,
	CTLdash_repeated_names = "no",
}

@online{SQLvsNoSQLupwork,
        title = {SQL vs. NoSQL Databases: Whatâ€™s the Difference?},
        year = unknown,
        organization = {Upwork},
        author = {Carey Wodehouse},
       howpublished = {\url{https://www.upwork.com/hiring/data/sql-vs-nosql-databases-whats-the-difference/}}
}

@online{SQLvsNoSQLsitepoint,
	title = {SQL vs NoSQL: The Differences},
	year = 2015,
	organization = {Sitepoint},
	author = {Craig Buckler},
	howpublished = {\url{https://www.sitepoint.com/sql-vs-nosql-differences/}}
}

@online{alexaSkills,
	title = {Define the Interaction Model in JSON and Text},
	year = unknown,
	organization = {Amazon},
	author = unknown,
	howpublished = {\url{https://developer.amazon.com/docs/custom-skills/define-the-interaction-model-in-json-and-text.html}}
}